{
  "leader": "04721cam a2200493Ia 4500",
  "fields": [
    {
      "001": "ocm55022658\\"
    },
    {
      "003": "OCoLC"
    },
    {
      "005": "20230103155623.0"
    },
    {
      "008": "040426s2004\\\\\\\\enk\\\\\\\\\\\\\\\\\\\\\\001\\0\\eng\\d"
    },
    {
      "040": {
        "ind1": "\\",
        "ind2": "\\",
        "subfields": [
          {
            "a": "ESU"
          },
          {
            "b": "eng"
          },
          {
            "c": "ESU"
          },
          {
            "d": "UKM"
          },
          {
            "d": "TXH"
          },
          {
            "d": "BAKER"
          },
          {
            "d": "YDXCP"
          },
          {
            "d": "BTCTA"
          },
          {
            "d": "AU@"
          },
          {
            "d": "OCLCF"
          },
          {
            "d": "P4I"
          },
          {
            "d": "OCLCO"
          },
          {
            "d": "OCLCQ"
          },
          {
            "d": "OCL"
          },
          {
            "d": "MBB"
          },
          {
            "d": "DHA"
          },
          {
            "d": "MUX"
          },
          {
            "d": "OCLCQ"
          },
          {
            "d": "LUN"
          },
          {
            "d": "MM9"
          },
          {
            "d": "OCLCO"
          }
        ]
      }
    },
    {
      "016": {
        "ind1": "7",
        "ind2": "\\",
        "subfields": [
          {
            "a": "013029335"
          },
          {
            "2": "Uk"
          }
        ]
      }
    },
    {
      "019": {
        "ind1": "\\",
        "ind2": "\\",
        "subfields": [
          {
            "a": "224186596"
          },
          {
            "a": "224221495"
          },
          {
            "a": "228045171"
          },
          {
            "a": "1166924551"
          },
          {
            "a": "1171203387"
          }
        ]
      }
    },
    {
      "020": {
        "ind1": "\\",
        "ind2": "\\",
        "subfields": [
          {
            "a": "1861770448"
          }
        ]
      }
    },
    {
      "020": {
        "ind1": "\\",
        "ind2": "\\",
        "subfields": [
          {
            "a": "9781861770448"
          }
        ]
      }
    },
    {
      "035": {
        "ind1": "\\",
        "ind2": "\\",
        "subfields": [
          {
            "a": "(OCoLC)55022658"
          },
          {
            "z": "(OCoLC)224186596"
          },
          {
            "z": "(OCoLC)224221495"
          },
          {
            "z": "(OCoLC)228045171"
          },
          {
            "z": "(OCoLC)1166924551"
          },
          {
            "z": "(OCoLC)1171203387"
          }
        ]
      }
    },
    {
      "043": {
        "ind1": "\\",
        "ind2": "\\",
        "subfields": [
          {
            "a": "e-uk---"
          }
        ]
      }
    },
    {
      "050": {
        "ind1": "\\",
        "ind2": "4",
        "subfields": [
          {
            "a": "HN390"
          },
          {
            "b": ".U54 2004"
          }
        ]
      }
    },
    {
      "082": {
        "ind1": "0",
        "ind2": "4",
        "subfields": [
          {
            "a": "306.0941"
          },
          {
            "b": "UNS"
          }
        ]
      }
    },
    {
      "245": {
        "ind1": "0",
        "ind2": "4",
        "subfields": [
          {
            "a": "The unsung sixties :"
          },
          {
            "b": "memoirs of social innovation /"
          },
          {
            "c": "[edited by] Helene Curtis and Mimi Sanderson."
          }
        ]
      }
    },
    {
      "246": {
        "ind1": "3",
        "ind2": "0",
        "subfields": [
          {
            "a": "Memoirs of social innovation"
          }
        ]
      }
    },
    {
      "260": {
        "ind1": "\\",
        "ind2": "\\",
        "subfields": [
          {
            "a": "London :"
          },
          {
            "b": "Whiting & Birch,"
          },
          {
            "c": "2004."
          }
        ]
      }
    },
    {
      "300": {
        "ind1": "\\",
        "ind2": "\\",
        "subfields": [
          {
            "a": "xiii, 507 pages ;"
          },
          {
            "c": "22 cm"
          }
        ]
      }
    },
    {
      "336": {
        "ind1": "\\",
        "ind2": "\\",
        "subfields": [
          {
            "a": "text"
          },
          {
            "b": "txt"
          },
          {
            "2": "rdacontent"
          }
        ]
      }
    },
    {
      "337": {
        "ind1": "\\",
        "ind2": "\\",
        "subfields": [
          {
            "a": "unmediated"
          },
          {
            "b": "n"
          },
          {
            "2": "rdamedia"
          }
        ]
      }
    },
    {
      "338": {
        "ind1": "\\",
        "ind2": "\\",
        "subfields": [
          {
            "a": "volume"
          },
          {
            "b": "nc"
          },
          {
            "2": "rdacarrier"
          }
        ]
      }
    },
    {
      "500": {
        "ind1": "\\",
        "ind2": "\\",
        "subfields": [
          {
            "a": "Includes index."
          }
        ]
      }
    },
    {
      "505": {
        "ind1": "0",
        "ind2": "0",
        "subfields": [
          {
            "t": "Preface /"
          },
          {
            "r": "Helene Curtis and Mimi Sanderson --"
          },
          {
            "t": "Introduction /"
          },
          {
            "r": "Sheila Rowbotham --"
          },
          {
            "g": "1."
          },
          {
            "t": "point of the battle is to win : Family Squatting Campaign --"
          },
          {
            "g": "2."
          },
          {
            "t": "[pound]325 to re-house a family : Shelter --"
          },
          {
            "g": "3."
          },
          {
            "t": "kind of sixties passion : Centrepoint --"
          },
          {
            "g": "4."
          },
          {
            "t": "problem that shouldn't be : Crisis --"
          },
          {
            "g": "5."
          },
          {
            "t": "We never knew what problem was going to come in : GALS --"
          },
          {
            "g": "6."
          },
          {
            "t": "Voluntary poverty : the Simon Community --"
          },
          {
            "g": "7."
          },
          {
            "t": "It was the bad apple : Alcohol Recovery Project --"
          },
          {
            "g": "8."
          },
          {
            "t": "What an amazing time to be involved in this sort of politics : Child Poverty Action Group --"
          },
          {
            "g": "9."
          },
          {
            "t": "I was in the natural way of trying to put something right that was wrong, see : Claimants Union --"
          },
          {
            "g": "10."
          },
          {
            "t": "public threw their generosity at us : Community Transport --"
          },
          {
            "g": "11."
          },
          {
            "t": "You thought that a really great society was going to come out of all of this : North Kensington Law Centre --"
          },
          {
            "g": "12."
          },
          {
            "t": "Unjustly refused : Joint Council for the Welfare of Immigrants --"
          },
          {
            "g": "13."
          },
          {
            "t": "We were the welfare branch of the alternative society : Release --"
          },
          {
            "g": "14."
          },
          {
            "t": "You can't deny a woman developing on her own : Prisoners' Wives Service --"
          },
          {
            "g": "15."
          },
          {
            "t": "Can you stand on it? : Consumer Advice Centres --"
          },
          {
            "g": "16."
          },
          {
            "t": "You've made the mud churn : Newcastle Consumer Group --"
          },
          {
            "g": "17."
          },
          {
            "t": "There is always an intolerant minority : Campaign for Homosexual Equality --"
          },
          {
            "g": "18."
          },
          {
            "t": "Birth control for the unmarried : Brook Advisory Service --"
          },
          {
            "g": "19."
          },
          {
            "t": "It was years before we could use the word 'abortion' : Pregnancy Advisory Service --"
          },
          {
            "g": "20."
          },
          {
            "t": "It solved the problem : National Council for the Single Woman and Her Dependants --"
          },
          {
            "g": "21."
          },
          {
            "t": "You opened the door : National Housewives Register --"
          },
          {
            "g": "22."
          },
          {
            "t": "He always says he's sorry afterwards : Bristol Women's Aid --"
          },
          {
            "g": "23."
          },
          {
            "t": "It was just of the time : Gingerbread --"
          },
          {
            "g": "24."
          },
          {
            "t": "You still have to fight tooth and nail : Disablement Income Group --"
          },
          {
            "g": "25."
          },
          {
            "t": "Faith and action : Leicester Voluntary Workers Bureau --"
          },
          {
            "g": "26."
          },
          {
            "t": "Putting colour into the environment : Free Form Arts Trust"
          }
        ]
      }
    },
    {
      "505": {
        "ind1": "8",
        "ind2": "0",
        "subfields": [
          {
            "g": "27."
          },
          {
            "t": "It takes a lot of work to break through; being second is easy : Inter-Action --"
          },
          {
            "g": "28."
          },
          {
            "t": "To get our agenda on other people's agenda : Mother Care for Children in Hospital --"
          },
          {
            "g": "29."
          },
          {
            "t": "Not just a cupboard full of toys : Toy Libraries --"
          },
          {
            "g": "30."
          },
          {
            "t": "learning experience for us all : Pre-School Playgroups --"
          },
          {
            "g": "31."
          },
          {
            "t": "It's difficult to remember what a crazy idea it was at the time : Advisory Centre for Education --"
          },
          {
            "g": "32."
          },
          {
            "t": "It was more than a full-time job : Task Force --"
          },
          {
            "g": "33."
          },
          {
            "t": "There are no losers : Young Enterprise --"
          },
          {
            "g": "34."
          },
          {
            "t": "We rejected nobody : Community Service Volunteers --"
          },
          {
            "g": "35."
          },
          {
            "t": "HelpAge : the act of helping : Help the Aged --"
          },
          {
            "g": "36."
          },
          {
            "t": "Absorbing interests : Pre-Retirement Association."
          }
        ]
      }
    },
    {
      "520": {
        "ind1": "0",
        "ind2": "\\",
        "subfields": [
          {
            "a": "The editors selected, primarily from the archives of the National Council of Voluntary Organisations, thirty-six voluntary organisations started in the 1960s, and collected their stories, told in a series of recorded interviews which took place over the period 1997 to 2001."
          }
        ]
      }
    },
    {
      "504": {
        "ind1": "\\",
        "ind2": "\\",
        "subfields": [
          {
            "a": "Includes index."
          }
        ]
      }
    },
    {
      "650": {
        "ind1": "\\",
        "ind2": "0",
        "subfields": [
          {
            "a": "Alienation (Social psychology)"
          },
          {
            "z": "Great Britain."
          }
        ]
      }
    },
    {
      "651": {
        "ind1": "\\",
        "ind2": "0",
        "subfields": [
          {
            "a": "Great Britain"
          },
          {
            "x": "Social conditions"
          },
          {
            "y": "1945-"
          }
        ]
      }
    },
    {
      "651": {
        "ind1": "\\",
        "ind2": "0",
        "subfields": [
          {
            "a": "Great Britain"
          },
          {
            "x": "Economic conditions"
          },
          {
            "y": "1945-1964."
          }
        ]
      }
    },
    {
      "650": {
        "ind1": "\\",
        "ind2": "7",
        "subfields": [
          {
            "a": "Alienation (Social psychology)"
          },
          {
            "2": "fast"
          },
          {
            "0": "(OCoLC)fst00805268"
          }
        ]
      }
    },
    {
      "650": {
        "ind1": "\\",
        "ind2": "7",
        "subfields": [
          {
            "a": "Economic history."
          },
          {
            "2": "fast"
          },
          {
            "0": "(OCoLC)fst00901974"
          }
        ]
      }
    },
    {
      "650": {
        "ind1": "\\",
        "ind2": "7",
        "subfields": [
          {
            "a": "Social conditions"
          },
          {
            "2": "fast"
          },
          {
            "0": "(OCoLC)fst01919811"
          }
        ]
      }
    },
    {
      "651": {
        "ind1": "\\",
        "ind2": "7",
        "subfields": [
          {
            "a": "Great Britain."
          },
          {
            "2": "fast"
          },
          {
            "0": "(OCoLC)fst01204623"
          }
        ]
      }
    },
    {
      "648": {
        "ind1": "\\",
        "ind2": "7",
        "subfields": [
          {
            "a": "Since 1945"
          },
          {
            "2": "fast"
          }
        ]
      }
    },
    {
      "700": {
        "ind1": "1",
        "ind2": "\\",
        "subfields": [
          {
            "a": "Curtis, Helene."
          }
        ]
      }
    },
    {
      "700": {
        "ind1": "1",
        "ind2": "\\",
        "subfields": [
          {
            "a": "Sanderson, Mimi."
          }
        ]
      }
    },
    {
      "776": {
        "ind1": "0",
        "ind2": "8",
        "subfields": [
          {
            "i": "Online version:"
          },
          {
            "t": "Unsung Sixties."
          },
          {
            "d": "London : Whiting & Birch, 2004"
          },
          {
            "w": "(OCoLC)891705967"
          }
        ]
      }
    },
    {
      "994": {
        "ind1": "\\",
        "ind2": "\\",
        "subfields": [
          {
            "a": "Z0"
          },
          {
            "b": "NYRVC"
          }
        ]
      }
    },
    {
      "948": {
        "ind1": "\\",
        "ind2": "\\",
        "subfields": [
          {
            "h": "NO HOLDINGS IN NYRVC - 110 OTHER HOLDINGS"
          }
        ]
      }
    },
    {
      "999": {
        "ind1": "\\",
        "ind2": "\\",
        "subfields": [
          {
            "a": "no barcode"
          }
        ]
      }
    }
  ]
}